<record><leader>00000cas a22000007a 4500</leader><controlfield tag="001">17435736</controlfield><controlfield tag="008">880205d18771888sdudn ne      0   a0eng d</controlfield><datafield ind1=" " ind2=" " tag="010"><subfield code="a">sn 88071000 </subfield></datafield><datafield ind1=" " ind2=" " tag="040"><subfield code="a">NJW</subfield><subfield code="b">eng</subfield><subfield code="c">NJW</subfield><subfield code="d">CNK</subfield><subfield code="d">SXN</subfield><subfield code="d">CRL</subfield><subfield code="d">OCLCQ</subfield><subfield code="d">OCLCF</subfield><subfield code="d">OCLCO</subfield></datafield><datafield ind1="1" ind2=" " tag="029"><subfield code="a">AU@</subfield><subfield code="b">000020511473</subfield></datafield><datafield ind1=" " ind2=" " tag="042"><subfield code="a">msc</subfield></datafield><datafield ind1=" " ind2=" " tag="043"><subfield code="a">n-us-sd</subfield></datafield><datafield ind1="0" ind2="4" tag="245"><subfield code="a">The Black Hills daily pioneer.</subfield></datafield><datafield ind1="1" ind2=" " tag="246"><subfield code="i">Extra edition published Dec. 7, 1879 has title:</subfield><subfield code="a">Daily pioneer</subfield></datafield><datafield ind1="1" ind2=" " tag="246"><subfield code="i">Issues for &lt;Jan. 17, 1883&gt;-Jan. 6, 1884 published as:</subfield><subfield code="a">Black Hills pioneer</subfield></datafield><datafield ind1=" " ind2=" " tag="260"><subfield code="a">Deadwood City, Black Hills [Dakota Territory, i.e. S.D.] :</subfield><subfield code="b">A.W. Merrick,</subfield><subfield code="c">1877-1888.</subfield></datafield><datafield ind1=" " ind2=" " tag="300"><subfield code="a">12 v.</subfield></datafield><datafield ind1=" " ind2=" " tag="310"><subfield code="a">Daily (except Sun. and Mon.),</subfield><subfield code="b">Oct. 16, 1887-1888</subfield></datafield><datafield ind1=" " ind2=" " tag="321"><subfield code="a">Daily (except Mon.),</subfield><subfield code="b">1877-May 21, 1883</subfield></datafield><datafield ind1=" " ind2=" " tag="321"><subfield code="a">Daily (except Sun.),</subfield><subfield code="b">May 28-Dec. 31, 1883</subfield></datafield><datafield ind1=" " ind2=" " tag="321"><subfield code="a">Daily (except Mon.),</subfield><subfield code="b">Jan. 1, 1884-Oct. 9, 1887</subfield></datafield><datafield ind1="0" ind2=" " tag="362"><subfield code="a">Vol. 1, no. 1 (June 17, 1877)-v. 12, no. 149 (Jan. 10, 1888).</subfield></datafield><datafield ind1=" " ind2=" " tag="515"><subfield code="a">Issue numbering irregular.</subfield></datafield><datafield ind1=" " ind2=" " tag="530"><subfield code="a">Available on microfilm from: State Archives, South Dakota State Historical Society.</subfield></datafield><datafield ind1=" " ind2=" " tag="580"><subfield code="a">Weekly eds.: Black Hills weekly pioneer, &lt;June 23, 1877-Aug. 5, 1886&gt;, and: Black Hills daily pioneer (Sun. and weekly ed.), Oct. 16, 1887-Jan. 8, 1888.</subfield></datafield><datafield ind1=" " ind2="0" tag="650"><subfield code="a">Gold mines and mining</subfield><subfield code="z">Black Hills (S.D. and Wyo.)</subfield><subfield code="v">Newspapers.</subfield></datafield><datafield ind1=" " ind2="0" tag="650"><subfield code="a">Mines and mineral resources</subfield><subfield code="z">Black Hills (S.D. and Wyo.)</subfield><subfield code="v">Newspapers.</subfield></datafield><datafield ind1=" " ind2="0" tag="651"><subfield code="a">Deadwood (S.D.)</subfield><subfield code="v">Newspapers.</subfield></datafield><datafield ind1=" " ind2="0" tag="651"><subfield code="a">Lawrence County (S.D.)</subfield><subfield code="v">Newspapers.</subfield></datafield><datafield ind1=" " ind2="7" tag="655"><subfield code="a">Newspapers.</subfield><subfield code="2">fast</subfield><subfield code="0">(OCoLC)fst01423814</subfield></datafield><datafield ind1=" " ind2="7" tag="650"><subfield code="a">Gold mines and mining.</subfield><subfield code="2">fast</subfield><subfield code="0">(OCoLC)fst00944469</subfield></datafield><datafield ind1=" " ind2="7" tag="650"><subfield code="a">Mines and mineral resources.</subfield><subfield code="2">fast</subfield><subfield code="0">(OCoLC)fst01022541</subfield></datafield><datafield ind1=" " ind2="7" tag="651"><subfield code="a">South Dakota</subfield><subfield code="z">Deadwood.</subfield><subfield code="2">fast</subfield><subfield code="0">(OCoLC)fst01209401</subfield></datafield><datafield ind1=" " ind2="7" tag="651"><subfield code="a">South Dakota</subfield><subfield code="z">Lawrence County.</subfield><subfield code="2">fast</subfield><subfield code="0">(OCoLC)fst01209432</subfield></datafield><datafield ind1=" " ind2="7" tag="651"><subfield code="a">United States</subfield><subfield code="z">Black Hills.</subfield><subfield code="2">fast</subfield><subfield code="0">(OCoLC)fst01310332</subfield></datafield><datafield ind1=" " ind2=" " tag="752"><subfield code="a">United States</subfield><subfield code="b">South Dakota</subfield><subfield code="c">Lawrence</subfield><subfield code="d">Deadwood.</subfield></datafield><datafield ind1="1" ind2=" " tag="775"><subfield code="t">Black Hills weekly pioneer</subfield><subfield code="w">(DLC)sn 84027500</subfield><subfield code="w">(OCoLC)11171678</subfield></datafield><datafield ind1="1" ind2=" " tag="775"><subfield code="t">Black Hill daily pioneer (Sun. and weekly ed.)</subfield><subfield code="w">(DLC)sn 97071309</subfield><subfield code="w">(OCoLC)37787602</subfield></datafield><datafield ind1="0" ind2="0" tag="785"><subfield code="t">Deadwood daily pioneer</subfield><subfield code="w">(DLC)sn 87090567</subfield><subfield code="w">(OCoLC)15987053</subfield></datafield></record>